<?xml version="1.0" encoding="UTF-8"?><collection xmlns="http://www.loc.gov/MARC21/slim"><record><leader>00330nam--2200121-i-4500</leader><controlfield tag="001">000036491</controlfield><controlfield tag="002">20161230</controlfield><controlfield tag="005">20161230201040</controlfield><controlfield tag="008">060222s1000------------r-----000-0-eng-d</controlfield><datafield ind1=" " ind2=" " tag="080"><subfield code="a">621.039.5</subfield></datafield><datafield ind1=" " ind2=" " tag="100"><subfield code="a">Power And Researach Reactors In Member States</subfield></datafield><datafield ind1=" " ind2=" " tag="245"><subfield code="a">Vienna, international atomic energy angency, 1968, 70p</subfield></datafield><datafield ind1=" " ind2=" " tag="852"><subfield code="a">37710</subfield></datafield></record></collection>